%YAML 1.1
%TAG !u! tag:unity3d.com,2011:
--- !u!1 &112807579
GameObject:
  m_ObjectHideFlags: 0
  m_CorrespondingSourceObject: {fileID: 0}
  m_PrefabInstance: {fileID: 0}
  m_PrefabAsset: {fileID: 0}
  serializedVersion: 6
  m_Component:
  - component: {fileID: 112807580}
  m_Layer: 10
  m_Name: Target
  m_TagString: Untagged
  m_Icon: {fileID: 0}
  m_NavMeshLayer: 0
  m_StaticEditorFlags: 0
  m_IsActive: 1
--- !u!4 &112807580
Transform:
  m_ObjectHideFlags: 0
  m_CorrespondingSourceObject: {fileID: 0}
  m_PrefabInstance: {fileID: 0}
  m_PrefabAsset: {fileID: 0}
  m_GameObject: {fileID: 112807579}
  m_LocalRotation: {x: -0, y: -0, z: -0, w: 1}
  m_LocalPosition: {x: 0, y: 0.5, z: 0}
  m_LocalScale: {x: 1, y: 1, z: 1}
  m_Children: []
  m_Father: {fileID: 4777311333764612573}
  m_RootOrder: 1
  m_LocalEulerAnglesHint: {x: 0, y: 0, z: 0}
--- !u!1 &631757458967335406
GameObject:
  m_ObjectHideFlags: 0
  m_CorrespondingSourceObject: {fileID: 0}
  m_PrefabInstance: {fileID: 0}
  m_PrefabAsset: {fileID: 0}
  serializedVersion: 6
  m_Component:
  - component: {fileID: 7397982951151413988}
  m_Layer: 10
  m_Name: ORG-hips
  m_TagString: Untagged
  m_Icon: {fileID: 0}
  m_NavMeshLayer: 0
  m_StaticEditorFlags: 0
  m_IsActive: 1
--- !u!4 &7397982951151413988
Transform:
  m_ObjectHideFlags: 0
  m_CorrespondingSourceObject: {fileID: 0}
  m_PrefabInstance: {fileID: 0}
  m_PrefabAsset: {fileID: 0}
  m_GameObject: {fileID: 631757458967335406}
  m_LocalRotation: {x: 0.70920926, y: -0.00000008404231, z: -0.00000008380584, w: 0.704998}
  m_LocalPosition: {x: 0.000000010112869, y: 0.057838857, z: 0.3163215}
  m_LocalScale: {x: 1, y: 0.99999994, z: 0.99999994}
  m_Children:
  - {fileID: 1907742787567206809}
  - {fileID: 4796683545877731528}
  - {fileID: 7694153134473492650}
  m_Father: {fileID: 7683273066399228382}
  m_RootOrder: 0
  m_LocalEulerAnglesHint: {x: 0, y: 0, z: 0}
--- !u!1 &835975473213889473
GameObject:
  m_ObjectHideFlags: 0
  m_CorrespondingSourceObject: {fileID: 0}
  m_PrefabInstance: {fileID: 0}
  m_PrefabAsset: {fileID: 0}
  serializedVersion: 6
  m_Component:
  - component: {fileID: 8997295751584464700}
  m_Layer: 10
  m_Name: ORG-toe.R
  m_TagString: Untagged
  m_Icon: {fileID: 0}
  m_NavMeshLayer: 0
  m_StaticEditorFlags: 0
  m_IsActive: 1
--- !u!4 &8997295751584464700
Transform:
  m_ObjectHideFlags: 0
  m_CorrespondingSourceObject: {fileID: 0}
  m_PrefabInstance: {fileID: 0}
  m_PrefabAsset: {fileID: 0}
  m_GameObject: {fileID: 835975473213889473}
  m_LocalRotation: {x: -0.0036210425, y: 0.94638145, z: -0.3222125, w: 0.022982273}
  m_LocalPosition: {x: -0.000000011525117, y: 0.13572566, z: -5.820766e-10}
  m_LocalScale: {x: 1, y: 1, z: 0.9999997}
  m_Children: []
  m_Father: {fileID: 2738642663307725246}
  m_RootOrder: 0
  m_LocalEulerAnglesHint: {x: 0, y: 0, z: 0}
--- !u!1 &912538915000447783
GameObject:
  m_ObjectHideFlags: 0
  m_CorrespondingSourceObject: {fileID: 0}
  m_PrefabInstance: {fileID: 0}
  m_PrefabAsset: {fileID: 0}
  serializedVersion: 6
  m_Component:
  - component: {fileID: 5358341349976375587}
  m_Layer: 10
  m_Name: ORG-f_index.02.L
  m_TagString: Untagged
  m_Icon: {fileID: 0}
  m_NavMeshLayer: 0
  m_StaticEditorFlags: 0
  m_IsActive: 1
--- !u!4 &5358341349976375587
Transform:
  m_ObjectHideFlags: 0
  m_CorrespondingSourceObject: {fileID: 0}
  m_PrefabInstance: {fileID: 0}
  m_PrefabAsset: {fileID: 0}
  m_GameObject: {fileID: 912538915000447783}
  m_LocalRotation: {x: 0.27579567, y: 0.03593037, z: -0.037939847, w: 0.95979494}
  m_LocalPosition: {x: 0.000000009102223, y: 0.03864965, z: 0.000000070734814}
  m_LocalScale: {x: 1.0000001, y: 1.0000002, z: 1}
  m_Children:
  - {fileID: 8259763975035276828}
  m_Father: {fileID: 7885019157873671425}
  m_RootOrder: 0
  m_LocalEulerAnglesHint: {x: 0, y: 0, z: 0}
--- !u!1 &1416032809316291791
GameObject:
  m_ObjectHideFlags: 0
  m_CorrespondingSourceObject: {fileID: 0}
  m_PrefabInstance: {fileID: 0}
  m_PrefabAsset: {fileID: 0}
  serializedVersion: 6
  m_Component:
  - component: {fileID: 8838395974619326360}
  m_Layer: 10
  m_Name: ORG-upper_arm.L
  m_TagString: Untagged
  m_Icon: {fileID: 0}
  m_NavMeshLayer: 0
  m_StaticEditorFlags: 0
  m_IsActive: 1
--- !u!4 &8838395974619326360
Transform:
  m_ObjectHideFlags: 0
  m_CorrespondingSourceObject: {fileID: 0}
  m_PrefabInstance: {fileID: 0}
  m_PrefabAsset: {fileID: 0}
  m_GameObject: {fileID: 1416032809316291791}
  m_LocalRotation: {x: -0.3391887, y: -0.5339097, z: 0.104766056, w: 0.76740843}
  m_LocalPosition: {x: 0.013421895, y: 0.08091085, z: -0.03224009}
  m_LocalScale: {x: 0.9999998, y: 1.0000005, z: 0.99999976}
  m_Children:
  - {fileID: 7277899498811820950}
  m_Father: {fileID: 7096206802816666346}
  m_RootOrder: 0
  m_LocalEulerAnglesHint: {x: 0, y: 0, z: 0}
--- !u!1 &1710942943017700277
GameObject:
  m_ObjectHideFlags: 0
  m_CorrespondingSourceObject: {fileID: 0}
  m_PrefabInstance: {fileID: 0}
  m_PrefabAsset: {fileID: 0}
  serializedVersion: 6
  m_Component:
  - component: {fileID: 4796683545877731528}
  m_Layer: 10
  m_Name: ORG-thigh.L
  m_TagString: Untagged
  m_Icon: {fileID: 0}
  m_NavMeshLayer: 0
  m_StaticEditorFlags: 0
  m_IsActive: 1
--- !u!4 &4796683545877731528
Transform:
  m_ObjectHideFlags: 0
  m_CorrespondingSourceObject: {fileID: 0}
  m_PrefabInstance: {fileID: 0}
  m_PrefabAsset: {fileID: 0}
  m_GameObject: {fileID: 1710942943017700277}
  m_LocalRotation: {x: 0.95852107, y: -0.0612897, z: 0.0006602662, w: 0.27835345}
  m_LocalPosition: {x: -0.11442848, y: -0.03654032, z: 0.028995262}
  m_LocalScale: {x: 0.99999994, y: 0.99999976, z: 1.000001}
  m_Children:
  - {fileID: 4374020401635809717}
  m_Father: {fileID: 7397982951151413988}
  m_RootOrder: 1
  m_LocalEulerAnglesHint: {x: 0, y: 0, z: 0}
--- !u!1 &1873843295153190112
GameObject:
  m_ObjectHideFlags: 0
  m_CorrespondingSourceObject: {fileID: 0}
  m_PrefabInstance: {fileID: 0}
  m_PrefabAsset: {fileID: 0}
  serializedVersion: 6
  m_Component:
  - component: {fileID: 4230992720379298981}
  m_Layer: 10
  m_Name: ORG-toe.L
  m_TagString: Untagged
  m_Icon: {fileID: 0}
  m_NavMeshLayer: 0
  m_StaticEditorFlags: 0
  m_IsActive: 1
--- !u!4 &4230992720379298981
Transform:
  m_ObjectHideFlags: 0
  m_CorrespondingSourceObject: {fileID: 0}
  m_PrefabInstance: {fileID: 0}
  m_PrefabAsset: {fileID: 0}
  m_GameObject: {fileID: 1873843295153190112}
  m_LocalRotation: {x: 0.0036197535, y: 0.9463811, z: -0.32221365, w: -0.022982353}
  m_LocalPosition: {x: -0.000000012340024, y: 0.13572569, z: 0.0000000022118911}
  m_LocalScale: {x: 1.0000001, y: 1, z: 0.9999999}
  m_Children: []
  m_Father: {fileID: 3127815276317866484}
  m_RootOrder: 0
  m_LocalEulerAnglesHint: {x: 0, y: 0, z: 0}
--- !u!1 &2116123723733695912
GameObject:
  m_ObjectHideFlags: 0
  m_CorrespondingSourceObject: {fileID: 0}
  m_PrefabInstance: {fileID: 0}
  m_PrefabAsset: {fileID: 0}
  serializedVersion: 6
  m_Component:
  - component: {fileID: 7885019157873671425}
  m_Layer: 10
  m_Name: ORG-f_index.01.L
  m_TagString: Untagged
  m_Icon: {fileID: 0}
  m_NavMeshLayer: 0
  m_StaticEditorFlags: 0
  m_IsActive: 1
--- !u!4 &7885019157873671425
Transform:
  m_ObjectHideFlags: 0
  m_CorrespondingSourceObject: {fileID: 0}
  m_PrefabInstance: {fileID: 0}
  m_PrefabAsset: {fileID: 0}
  m_GameObject: {fileID: 2116123723733695912}
  m_LocalRotation: {x: 0.014094349, y: -0.013662491, z: -0.021145392, w: 0.9995837}
  m_LocalPosition: {x: 0.0014914954, y: 0.07727227, z: 0.0053587174}
  m_LocalScale: {x: 0.99999994, y: 0.9999998, z: 1}
  m_Children:
  - {fileID: 5358341349976375587}
  m_Father: {fileID: 2710291056377466174}
  m_RootOrder: 0
  m_LocalEulerAnglesHint: {x: 0, y: 0, z: 0}
--- !u!1 &2311494915521832378
GameObject:
  m_ObjectHideFlags: 0
  m_CorrespondingSourceObject: {fileID: 0}
  m_PrefabInstance: {fileID: 0}
  m_PrefabAsset: {fileID: 0}
  serializedVersion: 6
  m_Component:
  - component: {fileID: 7602992925795461084}
  m_Layer: 10
  m_Name: ORG-neck
  m_TagString: Untagged
  m_Icon: {fileID: 0}
  m_NavMeshLayer: 0
  m_StaticEditorFlags: 0
  m_IsActive: 1
--- !u!4 &7602992925795461084
Transform:
  m_ObjectHideFlags: 0
  m_CorrespondingSourceObject: {fileID: 0}
  m_PrefabInstance: {fileID: 0}
  m_PrefabAsset: {fileID: 0}
  m_GameObject: {fileID: 2311494915521832378}
  m_LocalRotation: {x: -0.015997598, y: 0.00000011048987, z: -0.0000000054318834,
    w: 0.999872}
  m_LocalPosition: {x: -4.5221563e-10, y: 0.15358663, z: 0.009322295}
  m_LocalScale: {x: 1, y: 1.0000001, z: 1}
  m_Children:
  - {fileID: 553841446847084871}
  m_Father: {fileID: 4505554387000451741}
  m_RootOrder: 0
  m_LocalEulerAnglesHint: {x: 0, y: 0, z: 0}
--- !u!1 &2396704555650693611
GameObject:
  m_ObjectHideFlags: 0
  m_CorrespondingSourceObject: {fileID: 0}
  m_PrefabInstance: {fileID: 0}
  m_PrefabAsset: {fileID: 0}
  serializedVersion: 6
  m_Component:
  - component: {fileID: 7565689082737518086}
  m_Layer: 10
  m_Name: ORG-thumb.01.L
  m_TagString: Untagged
  m_Icon: {fileID: 0}
  m_NavMeshLayer: 0
  m_StaticEditorFlags: 0
  m_IsActive: 1
--- !u!4 &7565689082737518086
Transform:
  m_ObjectHideFlags: 0
  m_CorrespondingSourceObject: {fileID: 0}
  m_PrefabInstance: {fileID: 0}
  m_PrefabAsset: {fileID: 0}
  m_GameObject: {fileID: 2396704555650693611}
  m_LocalRotation: {x: 0.30975023, y: 0.18667704, z: -0.41510728, w: 0.83480084}
  m_LocalPosition: {x: 0.064765476, y: 0.017134275, z: -0.005768867}
  m_LocalScale: {x: 1, y: 0.99999994, z: 0.99999994}
  m_Children:
  - {fileID: 3164430881142103497}
  m_Father: {fileID: 2710291056377466174}
  m_RootOrder: 1
  m_LocalEulerAnglesHint: {x: 0, y: 0, z: 0}
--- !u!1 &2516986897540400522
GameObject:
  m_ObjectHideFlags: 0
  m_CorrespondingSourceObject: {fileID: 0}
  m_PrefabInstance: {fileID: 0}
  m_PrefabAsset: {fileID: 0}
  serializedVersion: 6
  m_Component:
  - component: {fileID: 2942356462424189605}
  m_Layer: 10
  m_Name: ORG-f_index.02.R
  m_TagString: Untagged
  m_Icon: {fileID: 0}
  m_NavMeshLayer: 0
  m_StaticEditorFlags: 0
  m_IsActive: 1
--- !u!4 &2942356462424189605
Transform:
  m_ObjectHideFlags: 0
  m_CorrespondingSourceObject: {fileID: 0}
  m_PrefabInstance: {fileID: 0}
  m_PrefabAsset: {fileID: 0}
  m_GameObject: {fileID: 2516986897540400522}
  m_LocalRotation: {x: 0.27579567, y: -0.035930343, z: 0.03793986, w: 0.95979494}
  m_LocalPosition: {x: 0.000000006324626, y: 0.038649656, z: 0.000000048417178}
  m_LocalScale: {x: 1, y: 0.99999994, z: 0.99999994}
  m_Children:
  - {fileID: 1474951543625625565}
  m_Father: {fileID: 604461477265482124}
  m_RootOrder: 0
  m_LocalEulerAnglesHint: {x: 0, y: 0, z: 0}
--- !u!1 &2897140430510434225
GameObject:
  m_ObjectHideFlags: 0
  m_CorrespondingSourceObject: {fileID: 0}
  m_PrefabInstance: {fileID: 0}
  m_PrefabAsset: {fileID: 0}
  serializedVersion: 6
  m_Component:
  - component: {fileID: 2655236567475361855}
  - component: {fileID: 4539754207975872460}
  m_Layer: 10
  m_Name: Dirkie_mesh
  m_TagString: Untagged
  m_Icon: {fileID: 0}
  m_NavMeshLayer: 0
  m_StaticEditorFlags: 0
  m_IsActive: 1
--- !u!4 &2655236567475361855
Transform:
  m_ObjectHideFlags: 0
  m_CorrespondingSourceObject: {fileID: 0}
  m_PrefabInstance: {fileID: 0}
  m_PrefabAsset: {fileID: 0}
  m_GameObject: {fileID: 2897140430510434225}
  m_LocalRotation: {x: 0, y: 0, z: 0, w: 1}
  m_LocalPosition: {x: 0, y: 0, z: 0}
  m_LocalScale: {x: 1, y: 1, z: 1}
  m_Children: []
  m_Father: {fileID: 519848642626665443}
  m_RootOrder: 0
  m_LocalEulerAnglesHint: {x: 0, y: 0, z: 0}
--- !u!137 &4539754207975872460
SkinnedMeshRenderer:
  m_ObjectHideFlags: 0
  m_CorrespondingSourceObject: {fileID: 0}
  m_PrefabInstance: {fileID: 0}
  m_PrefabAsset: {fileID: 0}
  m_GameObject: {fileID: 2897140430510434225}
  m_Enabled: 1
  m_CastShadows: 1
  m_ReceiveShadows: 1
  m_DynamicOccludee: 1
  m_MotionVectors: 1
  m_LightProbeUsage: 1
  m_ReflectionProbeUsage: 1
  m_RayTracingMode: 0
  m_RayTraceProcedural: 0
  m_RenderingLayerMask: 1
  m_RendererPriority: 0
  m_Materials:
  - {fileID: 2100000, guid: 868e23a3c4f8542a593b4f5ea6f50614, type: 2}
  - {fileID: 2100000, guid: 1e4ed8a886acf4062aabb7cd6a9ee6b6, type: 2}
  - {fileID: 2100000, guid: 107f31ea70799456aa7862561ac53ee8, type: 2}
  - {fileID: 2100000, guid: a2a1f8d5d1c044582ad5c7d8ce2f7271, type: 2}
  - {fileID: 2100000, guid: ab67e82ffd6154d8bbfb626311eea86f, type: 2}
  - {fileID: 2100000, guid: be2b2ba3d1d8d447cb2ec1d642d4568a, type: 2}
  - {fileID: 2100000, guid: 7f3ff4dd5afd34d9e911d1b234af022a, type: 2}
  - {fileID: 2100000, guid: c7fc401ac946e4f148cbbf18c2d97ce2, type: 2}
  - {fileID: 2100000, guid: fb3fdf8a608994bc0b91ace3b27b6e41, type: 2}
  m_StaticBatchInfo:
    firstSubMesh: 0
    subMeshCount: 0
  m_StaticBatchRoot: {fileID: 0}
  m_ProbeAnchor: {fileID: 0}
  m_LightProbeVolumeOverride: {fileID: 0}
  m_ScaleInLightmap: 1
  m_ReceiveGI: 1
  m_PreserveUVs: 0
  m_IgnoreNormalsForChartDetection: 0
  m_ImportantGI: 0
  m_StitchLightmapSeams: 1
  m_SelectedEditorRenderState: 3
  m_MinimumChartSize: 4
  m_AutoUVMaxDistance: 0.5
  m_AutoUVMaxAngle: 89
  m_LightmapParameters: {fileID: 0}
  m_SortingLayerID: 0
  m_SortingLayer: 0
  m_SortingOrder: 0
  serializedVersion: 2
  m_Quality: 0
  m_UpdateWhenOffscreen: 0
  m_SkinnedMotionVectors: 1
  m_Mesh: {fileID: -4195934768235058547, guid: a9c9950effceb40c4aeda4237e4414b2, type: 3}
  m_Bones:
  - {fileID: 7683273066399228382}
  - {fileID: 7397982951151413988}
  - {fileID: 1907742787567206809}
  - {fileID: 4505554387000451741}
  - {fileID: 7602992925795461084}
  - {fileID: 553841446847084871}
  - {fileID: 7096206802816666346}
  - {fileID: 8838395974619326360}
  - {fileID: 7277899498811820950}
  - {fileID: 2710291056377466174}
  - {fileID: 7885019157873671425}
  - {fileID: 5358341349976375587}
  - {fileID: 8259763975035276828}
  - {fileID: 7565689082737518086}
  - {fileID: 3164430881142103497}
  - {fileID: 988686528098978548}
  - {fileID: 5651534380493631560}
  - {fileID: 4790831781148235180}
  - {fileID: 6566294610156635953}
  - {fileID: 6931562689881891257}
  - {fileID: 604461477265482124}
  - {fileID: 2942356462424189605}
  - {fileID: 1474951543625625565}
  - {fileID: 7709205147224327902}
  - {fileID: 6194192727807069997}
  - {fileID: 1606225205883401909}
  - {fileID: 4796683545877731528}
  - {fileID: 4374020401635809717}
  - {fileID: 3127815276317866484}
  - {fileID: 4230992720379298981}
  - {fileID: 7694153134473492650}
  - {fileID: 1158303711815326153}
  - {fileID: 2738642663307725246}
  - {fileID: 8997295751584464700}
  m_BlendShapeWeights:
  - 0
  - 0
  - 0
  m_RootBone: {fileID: 7683273066399228382}
  m_AABB:
    m_Center: {x: -0.00000011920929, y: 0.0005725324, z: 0.5331812}
    m_Extent: {x: 0.52168655, y: 0.2883456, z: 0.6690717}
  m_DirtyAABB: 0
--- !u!1 &3182355027514972886
GameObject:
  m_ObjectHideFlags: 0
  m_CorrespondingSourceObject: {fileID: 0}
  m_PrefabInstance: {fileID: 0}
  m_PrefabAsset: {fileID: 0}
  serializedVersion: 6
  m_Component:
  - component: {fileID: 2710291056377466174}
  m_Layer: 10
  m_Name: ORG-hand.L
  m_TagString: Untagged
  m_Icon: {fileID: 0}
  m_NavMeshLayer: 0
  m_StaticEditorFlags: 0
  m_IsActive: 1
--- !u!4 &2710291056377466174
Transform:
  m_ObjectHideFlags: 0
  m_CorrespondingSourceObject: {fileID: 0}
  m_PrefabInstance: {fileID: 0}
  m_PrefabAsset: {fileID: 0}
  m_GameObject: {fileID: 3182355027514972886}
  m_LocalRotation: {x: -0.08605942, y: -0.64342165, z: 0.06552251, w: 0.7578319}
  m_LocalPosition: {x: -0.00000003958121, y: 0.09447302, z: 0.000000009313226}
  m_LocalScale: {x: 0.99999976, y: 1, z: 0.99999994}
  m_Children:
  - {fileID: 7885019157873671425}
  - {fileID: 7565689082737518086}
  m_Father: {fileID: 7277899498811820950}
  m_RootOrder: 0
  m_LocalEulerAnglesHint: {x: 0, y: 0, z: 0}
--- !u!1 &3237116339074084695
GameObject:
  m_ObjectHideFlags: 0
  m_CorrespondingSourceObject: {fileID: 0}
  m_PrefabInstance: {fileID: 0}
  m_PrefabAsset: {fileID: 0}
  serializedVersion: 6
  m_Component:
  - component: {fileID: 5662362073116047822}
  - component: {fileID: 4990747581581995540}
  - component: {fileID: 4990747581581995543}
  m_Layer: 10
  m_Name: Eyes
  m_TagString: Untagged
  m_Icon: {fileID: 0}
  m_NavMeshLayer: 0
  m_StaticEditorFlags: 0
  m_IsActive: 1
--- !u!4 &5662362073116047822
Transform:
  m_ObjectHideFlags: 0
  m_CorrespondingSourceObject: {fileID: 0}
  m_PrefabInstance: {fileID: 0}
  m_PrefabAsset: {fileID: 0}
  m_GameObject: {fileID: 3237116339074084695}
  m_LocalRotation: {x: -0.71491677, y: 1.89635e-14, z: 6.270773e-14, w: 0.69920963}
  m_LocalPosition: {x: 0, y: -0.6694666, z: 0.015972704}
  m_LocalScale: {x: 1, y: 1, z: 1}
  m_Children: []
  m_Father: {fileID: 553841446847084871}
  m_RootOrder: 0
  m_LocalEulerAnglesHint: {x: -90, y: 0, z: 0}
--- !u!33 &4990747581581995540
MeshFilter:
  m_ObjectHideFlags: 0
  m_CorrespondingSourceObject: {fileID: 0}
  m_PrefabInstance: {fileID: 0}
  m_PrefabAsset: {fileID: 0}
  m_GameObject: {fileID: 3237116339074084695}
  m_Mesh: {fileID: 3359138182758997695, guid: a9c9950effceb40c4aeda4237e4414b2, type: 3}
--- !u!23 &4990747581581995543
MeshRenderer:
  m_ObjectHideFlags: 0
  m_CorrespondingSourceObject: {fileID: 0}
  m_PrefabInstance: {fileID: 0}
  m_PrefabAsset: {fileID: 0}
  m_GameObject: {fileID: 3237116339074084695}
  m_Enabled: 1
  m_CastShadows: 0
  m_ReceiveShadows: 1
  m_DynamicOccludee: 1
  m_MotionVectors: 1
  m_LightProbeUsage: 1
  m_ReflectionProbeUsage: 1
  m_RayTracingMode: 2
  m_RayTraceProcedural: 0
  m_RenderingLayerMask: 1
  m_RendererPriority: 0
  m_Materials:
  - {fileID: 2100000, guid: 5fa28db3303274cfc84316ee635999f0, type: 2}
  m_StaticBatchInfo:
    firstSubMesh: 0
    subMeshCount: 0
  m_StaticBatchRoot: {fileID: 0}
  m_ProbeAnchor: {fileID: 0}
  m_LightProbeVolumeOverride: {fileID: 0}
  m_ScaleInLightmap: 1
  m_ReceiveGI: 1
  m_PreserveUVs: 0
  m_IgnoreNormalsForChartDetection: 0
  m_ImportantGI: 0
  m_StitchLightmapSeams: 1
  m_SelectedEditorRenderState: 3
  m_MinimumChartSize: 4
  m_AutoUVMaxDistance: 0.5
  m_AutoUVMaxAngle: 89
  m_LightmapParameters: {fileID: 0}
  m_SortingLayerID: 0
  m_SortingLayer: 0
  m_SortingOrder: 0
  m_AdditionalVertexStreams: {fileID: 0}
--- !u!1 &3338590907925626554
GameObject:
  m_ObjectHideFlags: 0
  m_CorrespondingSourceObject: {fileID: 0}
  m_PrefabInstance: {fileID: 0}
  m_PrefabAsset: {fileID: 0}
  serializedVersion: 6
  m_Component:
  - component: {fileID: 7683273066399228382}
  m_Layer: 10
  m_Name: root
  m_TagString: Untagged
  m_Icon: {fileID: 0}
  m_NavMeshLayer: 0
  m_StaticEditorFlags: 0
  m_IsActive: 1
--- !u!4 &7683273066399228382
Transform:
  m_ObjectHideFlags: 0
  m_CorrespondingSourceObject: {fileID: 0}
  m_PrefabInstance: {fileID: 0}
  m_PrefabAsset: {fileID: 0}
  m_GameObject: {fileID: 3338590907925626554}
  m_LocalRotation: {x: 0, y: -0, z: -0, w: 1}
  m_LocalPosition: {x: -0, y: 0, z: 0}
  m_LocalScale: {x: 1, y: 1, z: 1}
  m_Children:
  - {fileID: 7397982951151413988}
  m_Father: {fileID: 7810380777614059000}
  m_RootOrder: 0
  m_LocalEulerAnglesHint: {x: 0, y: 0, z: 0}
--- !u!1 &3544135633319544971
GameObject:
  m_ObjectHideFlags: 0
  m_CorrespondingSourceObject: {fileID: 0}
  m_PrefabInstance: {fileID: 0}
  m_PrefabAsset: {fileID: 0}
  serializedVersion: 6
  m_Component:
  - component: {fileID: 6931562689881891257}
  m_Layer: 10
  m_Name: ORG-hand.R
  m_TagString: Untagged
  m_Icon: {fileID: 0}
  m_NavMeshLayer: 0
  m_StaticEditorFlags: 0
  m_IsActive: 1
--- !u!4 &6931562689881891257
Transform:
  m_ObjectHideFlags: 0
  m_CorrespondingSourceObject: {fileID: 0}
  m_PrefabInstance: {fileID: 0}
  m_PrefabAsset: {fileID: 0}
  m_GameObject: {fileID: 3544135633319544971}
  m_LocalRotation: {x: -0.08605953, y: 0.6434218, z: -0.065522075, w: 0.7578318}
  m_LocalPosition: {x: -0.000000045634806, y: 0.094472945, z: -0.000000015832484}
  m_LocalScale: {x: 0.99999964, y: 0.99999934, z: 1.0000004}
  m_Children:
  - {fileID: 604461477265482124}
  - {fileID: 7709205147224327902}
  m_Father: {fileID: 6566294610156635953}
  m_RootOrder: 0
  m_LocalEulerAnglesHint: {x: 0, y: 0, z: 0}
--- !u!1 &3561650554166692336
GameObject:
  m_ObjectHideFlags: 0
  m_CorrespondingSourceObject: {fileID: 0}
  m_PrefabInstance: {fileID: 0}
  m_PrefabAsset: {fileID: 0}
  serializedVersion: 6
  m_Component:
  - component: {fileID: 519848642626665443}
  - component: {fileID: 7619206939023480473}
  - component: {fileID: 176917789}
  - component: {fileID: 7410994026506861515}
  m_Layer: 10
  m_Name: Dirkie_rigFBX
  m_TagString: Player
  m_Icon: {fileID: 0}
  m_NavMeshLayer: 0
  m_StaticEditorFlags: 0
  m_IsActive: 1
--- !u!4 &519848642626665443
Transform:
  m_ObjectHideFlags: 0
  m_CorrespondingSourceObject: {fileID: 0}
  m_PrefabInstance: {fileID: 0}
  m_PrefabAsset: {fileID: 0}
  m_GameObject: {fileID: 3561650554166692336}
  m_LocalRotation: {x: -0, y: -0, z: -0, w: 1}
  m_LocalPosition: {x: 0, y: 0, z: 0}
  m_LocalScale: {x: 1, y: 1, z: 1}
  m_Children:
  - {fileID: 2655236567475361855}
  - {fileID: 7810380777614059000}
  - {fileID: 7013119127262935616}
  m_Father: {fileID: 4777311333764612573}
  m_RootOrder: 0
  m_LocalEulerAnglesHint: {x: 0, y: 0, z: 0}
--- !u!95 &7619206939023480473
Animator:
  serializedVersion: 3
  m_ObjectHideFlags: 0
  m_CorrespondingSourceObject: {fileID: 0}
  m_PrefabInstance: {fileID: 0}
  m_PrefabAsset: {fileID: 0}
  m_GameObject: {fileID: 3561650554166692336}
  m_Enabled: 1
  m_Avatar: {fileID: 9000000, guid: a9c9950effceb40c4aeda4237e4414b2, type: 3}
  m_Controller: {fileID: 9100000, guid: 6d2091eb057d1414c9f4bffb166e807f, type: 2}
  m_CullingMode: 0
  m_UpdateMode: 1
  m_ApplyRootMotion: 0
  m_LinearVelocityBlending: 0
  m_WarningMessage: 
  m_HasTransformHierarchy: 1
  m_AllowConstantClipSamplingOptimization: 1
  m_KeepAnimatorControllerStateOnDisable: 0
--- !u!114 &176917789
MonoBehaviour:
  m_ObjectHideFlags: 0
  m_CorrespondingSourceObject: {fileID: 0}
  m_PrefabInstance: {fileID: 0}
  m_PrefabAsset: {fileID: 0}
  m_GameObject: {fileID: 3561650554166692336}
  m_Enabled: 1
  m_EditorHideFlags: 0
  m_Script: {fileID: -1465209106, guid: c8d0ad23af520fe46aabe2b1fecf6462, type: 3}
  m_Name: 
  m_EditorClassIdentifier: 
  _data:
    _json: '{"declarations":{"collection":{"$content":[],"$version":"A"},"$version":"A"}}'
    _objectReferences: []
--- !u!205 &7410994026506861515
LODGroup:
  m_ObjectHideFlags: 0
  m_CorrespondingSourceObject: {fileID: 0}
  m_PrefabInstance: {fileID: 0}
  m_PrefabAsset: {fileID: 0}
  m_GameObject: {fileID: 3561650554166692336}
  serializedVersion: 2
  m_LocalReferencePoint: {x: 0, y: 0, z: 0.5}
  m_Size: 1.9999999
  m_FadeMode: 0
  m_AnimateCrossFading: 0
  m_LastLODIsBillboard: 0
  m_LODs:
  - screenRelativeHeight: 0.6
    fadeTransitionWidth: 0
    renderers: []
  - screenRelativeHeight: 0.15371113
    fadeTransitionWidth: 0
    renderers: []
  - screenRelativeHeight: 0.048877776
    fadeTransitionWidth: 0
    renderers:
    - renderer: {fileID: 0}
  m_Enabled: 1
--- !u!1 &3697910462898697979
GameObject:
  m_ObjectHideFlags: 0
  m_CorrespondingSourceObject: {fileID: 0}
  m_PrefabInstance: {fileID: 0}
  m_PrefabAsset: {fileID: 0}
  serializedVersion: 6
  m_Component:
  - component: {fileID: 8259763975035276828}
  m_Layer: 10
  m_Name: ORG-f_index.03.L
  m_TagString: Untagged
  m_Icon: {fileID: 0}
  m_NavMeshLayer: 0
  m_StaticEditorFlags: 0
  m_IsActive: 1
--- !u!4 &8259763975035276828
Transform:
  m_ObjectHideFlags: 0
  m_CorrespondingSourceObject: {fileID: 0}
  m_PrefabInstance: {fileID: 0}
  m_PrefabAsset: {fileID: 0}
  m_GameObject: {fileID: 3697910462898697979}
  m_LocalRotation: {x: 0.4897975, y: 0.1536539, z: -0.049237084, w: 0.85677576}
  m_LocalPosition: {x: 0.000000010244548, y: 0.047392104, z: -0.00000008335337}
  m_LocalScale: {x: 0.99999994, y: 0.99999994, z: 0.99999994}
  m_Children: []
  m_Father: {fileID: 5358341349976375587}
  m_RootOrder: 0
  m_LocalEulerAnglesHint: {x: 0, y: 0, z: 0}
--- !u!1 &3903496830884823483
GameObject:
  m_ObjectHideFlags: 0
  m_CorrespondingSourceObject: {fileID: 0}
  m_PrefabInstance: {fileID: 0}
  m_PrefabAsset: {fileID: 0}
  serializedVersion: 6
  m_Component:
  - component: {fileID: 1907742787567206809}
  m_Layer: 10
  m_Name: ORG-spine
  m_TagString: Untagged
  m_Icon: {fileID: 0}
  m_NavMeshLayer: 0
  m_StaticEditorFlags: 0
  m_IsActive: 1
--- !u!4 &1907742787567206809
Transform:
  m_ObjectHideFlags: 0
  m_CorrespondingSourceObject: {fileID: 0}
  m_PrefabInstance: {fileID: 0}
  m_PrefabAsset: {fileID: 0}
  m_GameObject: {fileID: 3903496830884823483}
  m_LocalRotation: {x: 0.07711558, y: 0.00000015478271, z: 0.000000026602489, w: 0.99702215}
  m_LocalPosition: {x: 1.4294121e-15, y: 0.10584851, z: 0.000000003026796}
  m_LocalScale: {x: 1, y: 0.99999994, z: 0.9999999}
  m_Children:
  - {fileID: 4505554387000451741}
  m_Father: {fileID: 7397982951151413988}
  m_RootOrder: 0
  m_LocalEulerAnglesHint: {x: 0, y: 0, z: 0}
--- !u!1 &4017474721481288314
GameObject:
  m_ObjectHideFlags: 0
  m_CorrespondingSourceObject: {fileID: 0}
  m_PrefabInstance: {fileID: 0}
  m_PrefabAsset: {fileID: 0}
  serializedVersion: 6
  m_Component:
  - component: {fileID: 7096206802816666346}
  m_Layer: 10
  m_Name: ORG-shoulder.L
  m_TagString: Untagged
  m_Icon: {fileID: 0}
  m_NavMeshLayer: 0
  m_StaticEditorFlags: 0
  m_IsActive: 1
--- !u!4 &7096206802816666346
Transform:
  m_ObjectHideFlags: 0
  m_CorrespondingSourceObject: {fileID: 0}
  m_PrefabInstance: {fileID: 0}
  m_PrefabAsset: {fileID: 0}
  m_GameObject: {fileID: 4017474721481288314}
  m_LocalRotation: {x: -0.38986707, y: 0.51045465, z: 0.6009538, w: 0.47570392}
  m_LocalPosition: {x: -0.078760214, y: 0.11944241, z: -0.00795479}
  m_LocalScale: {x: 0.9999999, y: 0.9999998, z: 1}
  m_Children:
  - {fileID: 8838395974619326360}
  m_Father: {fileID: 4505554387000451741}
  m_RootOrder: 1
  m_LocalEulerAnglesHint: {x: 0, y: 0, z: 0}
--- !u!1 &4075942958649049563
GameObject:
  m_ObjectHideFlags: 0
  m_CorrespondingSourceObject: {fileID: 0}
  m_PrefabInstance: {fileID: 0}
  m_PrefabAsset: {fileID: 0}
  serializedVersion: 6
  m_Component:
  - component: {fileID: 3164430881142103497}
  m_Layer: 10
  m_Name: ORG-thumb.02.L
  m_TagString: Untagged
  m_Icon: {fileID: 0}
  m_NavMeshLayer: 0
  m_StaticEditorFlags: 0
  m_IsActive: 1
--- !u!4 &3164430881142103497
Transform:
  m_ObjectHideFlags: 0
  m_CorrespondingSourceObject: {fileID: 0}
  m_PrefabInstance: {fileID: 0}
  m_PrefabAsset: {fileID: 0}
  m_GameObject: {fileID: 4075942958649049563}
  m_LocalRotation: {x: 0.22382782, y: -0.6248747, z: 0.14105266, w: 0.7345317}
  m_LocalPosition: {x: 0.000000007450581, y: 0.04477354, z: -0.000000016763806}
  m_LocalScale: {x: 1, y: 1.0000002, z: 1.0000001}
  m_Children:
  - {fileID: 988686528098978548}
  m_Father: {fileID: 7565689082737518086}
  m_RootOrder: 0
  m_LocalEulerAnglesHint: {x: 0, y: 0, z: 0}
--- !u!1 &4121475698579901307
GameObject:
  m_ObjectHideFlags: 0
  m_CorrespondingSourceObject: {fileID: 0}
  m_PrefabInstance: {fileID: 0}
  m_PrefabAsset: {fileID: 0}
  serializedVersion: 6
  m_Component:
  - component: {fileID: 4505554387000451741}
  m_Layer: 10
  m_Name: ORG-chest
  m_TagString: Untagged
  m_Icon: {fileID: 0}
  m_NavMeshLayer: 0
  m_StaticEditorFlags: 0
  m_IsActive: 1
--- !u!4 &4505554387000451741
Transform:
  m_ObjectHideFlags: 0
  m_CorrespondingSourceObject: {fileID: 0}
  m_PrefabInstance: {fileID: 0}
  m_PrefabAsset: {fileID: 0}
  m_GameObject: {fileID: 4121475698579901307}
  m_LocalRotation: {x: 0.020724203, y: -0.0000001503765, z: -0.000000027623472, w: 0.99978524}
  m_LocalPosition: {x: 5.3290705e-15, y: 0.07917101, z: 3.6082248e-16}
  m_LocalScale: {x: 1, y: 1.0000001, z: 1.0000001}
  m_Children:
  - {fileID: 7602992925795461084}
  - {fileID: 7096206802816666346}
  - {fileID: 5651534380493631560}
  m_Father: {fileID: 1907742787567206809}
  m_RootOrder: 0
  m_LocalEulerAnglesHint: {x: 0, y: 0, z: 0}
--- !u!1 &4203460544908810373
GameObject:
  m_ObjectHideFlags: 0
  m_CorrespondingSourceObject: {fileID: 0}
  m_PrefabInstance: {fileID: 0}
  m_PrefabAsset: {fileID: 0}
  serializedVersion: 6
  m_Component:
  - component: {fileID: 7277899498811820950}
  m_Layer: 10
  m_Name: ORG-forearm.L
  m_TagString: Untagged
  m_Icon: {fileID: 0}
  m_NavMeshLayer: 0
  m_StaticEditorFlags: 0
  m_IsActive: 1
--- !u!4 &7277899498811820950
Transform:
  m_ObjectHideFlags: 0
  m_CorrespondingSourceObject: {fileID: 0}
  m_PrefabInstance: {fileID: 0}
  m_PrefabAsset: {fileID: 0}
  m_GameObject: {fileID: 4203460544908810373}
  m_LocalRotation: {x: 0.31680444, y: -0.122086875, z: -0.06759132, w: 0.93816906}
  m_LocalPosition: {x: 0.00000003678724, y: 0.12969387, z: -0.000000007450581}
  m_LocalScale: {x: 1.0000002, y: 1, z: 1.0000004}
  m_Children:
  - {fileID: 2710291056377466174}
  m_Father: {fileID: 8838395974619326360}
  m_RootOrder: 0
  m_LocalEulerAnglesHint: {x: 0, y: 0, z: 0}
--- !u!1 &4278679187051161654
GameObject:
  m_ObjectHideFlags: 0
  m_CorrespondingSourceObject: {fileID: 0}
  m_PrefabInstance: {fileID: 0}
  m_PrefabAsset: {fileID: 0}
  serializedVersion: 6
  m_Component:
  - component: {fileID: 6194192727807069997}
  m_Layer: 10
  m_Name: ORG-thumb.02.R
  m_TagString: Untagged
  m_Icon: {fileID: 0}
  m_NavMeshLayer: 0
  m_StaticEditorFlags: 0
  m_IsActive: 1
--- !u!4 &6194192727807069997
Transform:
  m_ObjectHideFlags: 0
  m_CorrespondingSourceObject: {fileID: 0}
  m_PrefabInstance: {fileID: 0}
  m_PrefabAsset: {fileID: 0}
  m_GameObject: {fileID: 4278679187051161654}
  m_LocalRotation: {x: 0.22382787, y: 0.6248747, z: -0.14105268, w: 0.7345317}
  m_LocalPosition: {x: -0.000000007450581, y: 0.044773493, z: 0.000000016763806}
  m_LocalScale: {x: 0.99999994, y: 1, z: 1}
  m_Children:
  - {fileID: 1606225205883401909}
  m_Father: {fileID: 7709205147224327902}
  m_RootOrder: 0
  m_LocalEulerAnglesHint: {x: 0, y: 0, z: 0}
--- !u!1 &4500008554646968589
GameObject:
  m_ObjectHideFlags: 0
  m_CorrespondingSourceObject: {fileID: 0}
  m_PrefabInstance: {fileID: 0}
  m_PrefabAsset: {fileID: 0}
  serializedVersion: 6
  m_Component:
  - component: {fileID: 988686528098978548}
  m_Layer: 10
  m_Name: ORG-thumb.03.L
  m_TagString: Untagged
  m_Icon: {fileID: 0}
  m_NavMeshLayer: 0
  m_StaticEditorFlags: 0
  m_IsActive: 1
--- !u!4 &988686528098978548
Transform:
  m_ObjectHideFlags: 0
  m_CorrespondingSourceObject: {fileID: 0}
  m_PrefabInstance: {fileID: 0}
  m_PrefabAsset: {fileID: 0}
  m_GameObject: {fileID: 4500008554646968589}
  m_LocalRotation: {x: 0.24967906, y: 0.17074198, z: 0.04622375, w: 0.9520352}
  m_LocalPosition: {x: 0.000000041909516, y: 0.042249553, z: -0.000000011175871}
  m_LocalScale: {x: 0.99999994, y: 1, z: 1}
  m_Children: []
  m_Father: {fileID: 3164430881142103497}
  m_RootOrder: 0
  m_LocalEulerAnglesHint: {x: 0, y: 0, z: 0}
--- !u!1 &4646575911664723532
GameObject:
  m_ObjectHideFlags: 0
  m_CorrespondingSourceObject: {fileID: 0}
  m_PrefabInstance: {fileID: 0}
  m_PrefabAsset: {fileID: 0}
  serializedVersion: 6
  m_Component:
  - component: {fileID: 4790831781148235180}
  m_Layer: 10
  m_Name: ORG-upper_arm.R
  m_TagString: Untagged
  m_Icon: {fileID: 0}
  m_NavMeshLayer: 0
  m_StaticEditorFlags: 0
  m_IsActive: 1
--- !u!4 &4790831781148235180
Transform:
  m_ObjectHideFlags: 0
  m_CorrespondingSourceObject: {fileID: 0}
  m_PrefabInstance: {fileID: 0}
  m_PrefabAsset: {fileID: 0}
  m_GameObject: {fileID: 4646575911664723532}
  m_LocalRotation: {x: -0.33918878, y: 0.53390956, z: -0.10476623, w: 0.7674084}
  m_LocalPosition: {x: -0.0134219285, y: 0.08091081, z: -0.03224004}
  m_LocalScale: {x: 0.99999976, y: 1.0000004, z: 1.0000001}
  m_Children:
  - {fileID: 6566294610156635953}
  m_Father: {fileID: 5651534380493631560}
  m_RootOrder: 0
  m_LocalEulerAnglesHint: {x: 0, y: 0, z: 0}
--- !u!1 &4661955454773235972
GameObject:
  m_ObjectHideFlags: 0
  m_CorrespondingSourceObject: {fileID: 0}
  m_PrefabInstance: {fileID: 0}
  m_PrefabAsset: {fileID: 0}
  serializedVersion: 6
  m_Component:
  - component: {fileID: 604461477265482124}
  m_Layer: 10
  m_Name: ORG-f_index.01.R
  m_TagString: Untagged
  m_Icon: {fileID: 0}
  m_NavMeshLayer: 0
  m_StaticEditorFlags: 0
  m_IsActive: 1
--- !u!4 &604461477265482124
Transform:
  m_ObjectHideFlags: 0
  m_CorrespondingSourceObject: {fileID: 0}
  m_PrefabInstance: {fileID: 0}
  m_PrefabAsset: {fileID: 0}
  m_GameObject: {fileID: 4661955454773235972}
  m_LocalRotation: {x: 0.014094332, y: 0.013662479, z: 0.021145333, w: 0.9995837}
  m_LocalPosition: {x: -0.0014914856, y: 0.07727226, z: 0.005358706}
  m_LocalScale: {x: 0.9999999, y: 0.9999999, z: 0.99999994}
  m_Children:
  - {fileID: 2942356462424189605}
  m_Father: {fileID: 6931562689881891257}
  m_RootOrder: 0
  m_LocalEulerAnglesHint: {x: 0, y: 0, z: 0}
--- !u!1 &4777311333764612131
GameObject:
  m_ObjectHideFlags: 0
  m_CorrespondingSourceObject: {fileID: 0}
  m_PrefabInstance: {fileID: 0}
  m_PrefabAsset: {fileID: 0}
  serializedVersion: 6
  m_Component:
  - component: {fileID: 4777311333764612573}
  - component: {fileID: 4777311333764612574}
  - component: {fileID: 4777311333764612575}
  - component: {fileID: 4777311333764612130}
  - component: {fileID: 4777311333764612128}
  - component: {fileID: 4777311333764612129}
  - component: {fileID: 1630269840}
  - component: {fileID: 7410994025326289591}
  m_Layer: 10
  m_Name: PlayerControllerX
  m_TagString: GameController
  m_Icon: {fileID: 0}
  m_NavMeshLayer: 0
  m_StaticEditorFlags: 0
  m_IsActive: 1
--- !u!4 &4777311333764612573
Transform:
  m_ObjectHideFlags: 0
  m_CorrespondingSourceObject: {fileID: 0}
  m_PrefabInstance: {fileID: 0}
  m_PrefabAsset: {fileID: 0}
  m_GameObject: {fileID: 4777311333764612131}
  m_LocalRotation: {x: 0, y: 0, z: 0, w: 1}
  m_LocalPosition: {x: 0, y: 0, z: 0}
  m_LocalScale: {x: 1, y: 1, z: 1}
  m_Children:
  - {fileID: 519848642626665443}
  - {fileID: 112807580}
  m_Father: {fileID: 0}
  m_RootOrder: 0
  m_LocalEulerAnglesHint: {x: 0, y: 0, z: 0}
--- !u!54 &4777311333764612574
Rigidbody:
  m_ObjectHideFlags: 0
  m_CorrespondingSourceObject: {fileID: 0}
  m_PrefabInstance: {fileID: 0}
  m_PrefabAsset: {fileID: 0}
  m_GameObject: {fileID: 4777311333764612131}
  serializedVersion: 2
  m_Mass: 8
  m_Drag: 0
  m_AngularDrag: 0
  m_UseGravity: 1
  m_IsKinematic: 0
  m_Interpolate: 1
  m_Constraints: 112
  m_CollisionDetection: 1
--- !u!136 &4777311333764612575
CapsuleCollider:
  m_ObjectHideFlags: 0
  m_CorrespondingSourceObject: {fileID: 0}
  m_PrefabInstance: {fileID: 0}
  m_PrefabAsset: {fileID: 0}
  m_GameObject: {fileID: 4777311333764612131}
  m_Material: {fileID: 13400000, guid: 595c47025e87042aca64e5aa72692c5c, type: 2}
  m_IsTrigger: 0
  m_Enabled: 1
  m_Radius: 0.3
  m_Height: 1.25
  m_Direction: 1
  m_Center: {x: 0, y: 0.6, z: 0}
--- !u!195 &4777311333764612130
NavMeshAgent:
  m_ObjectHideFlags: 0
  m_CorrespondingSourceObject: {fileID: 0}
  m_PrefabInstance: {fileID: 0}
  m_PrefabAsset: {fileID: 0}
  m_GameObject: {fileID: 4777311333764612131}
  m_Enabled: 1
  m_AgentTypeID: 0
  m_Radius: 0.25
  m_Speed: 3
  m_Acceleration: 10
  avoidancePriority: 50
  m_AngularSpeed: 1000
  m_StoppingDistance: 0.1
  m_AutoTraverseOffMeshLink: 1
  m_AutoBraking: 0
  m_AutoRepath: 1
  m_Height: 1.2
  m_BaseOffset: -0.015
  m_WalkableMask: 4294967295
  m_ObstacleAvoidanceType: 4
--- !u!114 &4777311333764612128
MonoBehaviour:
  m_ObjectHideFlags: 0
  m_CorrespondingSourceObject: {fileID: 0}
  m_PrefabInstance: {fileID: 0}
  m_PrefabAsset: {fileID: 0}
  m_GameObject: {fileID: 4777311333764612131}
  m_Enabled: 1
  m_EditorHideFlags: 0
  m_Script: {fileID: -1465209106, guid: c8d0ad23af520fe46aabe2b1fecf6462, type: 3}
  m_Name: 
  m_EditorClassIdentifier: 
  _data:
    _json: '{"declarations":{"collection":{"$content":[{"name":"RunDistance","value":{"$content":3.0,"$type":"System.Single"},"$version":"A"},{"name":"StopDistance","value":{"$content":0.2,"$type":"System.Single"},"$version":"A"},{"name":"MoveSpeed","value":{"$content":2.5,"$type":"System.Single"},"$version":"A"},{"name":"RandomX","value":{"$content":0.0,"$type":"System.Single"},"$version":"A"},{"name":"RandomY","value":{"$content":0.0,"$type":"System.Single"},"$version":"A"},{"name":"UpdateX","value":{"$content":0.0,"$type":"System.Single"},"$version":"A"},{"name":"UpdateY","value":{"$content":0.0,"$type":"System.Single"},"$version":"A"},{"name":"Active","value":{"$content":false,"$type":"System.Boolean"},"$version":"A"},{"name":"Movement","value":{"$content":6.0,"$type":"System.Single"},"$version":"A"},{"name":"InputActionAsset","value":{"$content":0,"$type":"UnityEngine.Object"},"$version":"A"},{"name":"InputAxis","value":{"x":0.0,"y":0.0,"$type":"UnityEngine.Vector2"},"$version":"A"}],"$version":"A"},"$version":"A"}}'
    _objectReferences:
    - {fileID: -944628639613478452, guid: 390cf8a6f4ee54d20bb635cb09144f51, type: 3}
--- !u!114 &4777311333764612129
MonoBehaviour:
  m_ObjectHideFlags: 0
  m_CorrespondingSourceObject: {fileID: 0}
  m_PrefabInstance: {fileID: 0}
  m_PrefabAsset: {fileID: 0}
  m_GameObject: {fileID: 4777311333764612131}
  m_Enabled: 1
  m_EditorHideFlags: 0
  m_Script: {fileID: -57143145, guid: a040fb66244a7f54289914d98ea4ef7d, type: 3}
  m_Name: 
  m_EditorClassIdentifier: 
  _data:
    _json: '{"nest":{"source":"Macro","macro":0,"embed":null}}'
    _objectReferences:
    - {fileID: 11400000, guid: 01748971d6acb4519b268626dc9c368e, type: 2}
--- !u!114 &1630269840
MonoBehaviour:
  m_ObjectHideFlags: 0
  m_CorrespondingSourceObject: {fileID: 0}
  m_PrefabInstance: {fileID: 0}
  m_PrefabAsset: {fileID: 0}
  m_GameObject: {fileID: 4777311333764612131}
  m_Enabled: 1
  m_EditorHideFlags: 0
  m_Script: {fileID: 11500000, guid: 62899f850307741f2a39c98a8b639597, type: 3}
  m_Name: 
  m_EditorClassIdentifier: 
  m_Actions: {fileID: -944628639613478452, guid: 390cf8a6f4ee54d20bb635cb09144f51,
    type: 3}
  m_NotificationBehavior: 0
  m_UIInputModule: {fileID: 0}
  m_DeviceLostEvent:
    m_PersistentCalls:
      m_Calls: []
  m_DeviceRegainedEvent:
    m_PersistentCalls:
      m_Calls: []
  m_ControlsChangedEvent:
    m_PersistentCalls:
      m_Calls: []
  m_ActionEvents: []
  m_NeverAutoSwitchControlSchemes: 0
  m_DefaultControlScheme: 
  m_DefaultActionMap: Player
  m_SplitScreenIndex: -1
  m_Camera: {fileID: 0}
--- !u!205 &7410994025326289591
LODGroup:
  m_ObjectHideFlags: 0
  m_CorrespondingSourceObject: {fileID: 0}
  m_PrefabInstance: {fileID: 0}
  m_PrefabAsset: {fileID: 0}
  m_GameObject: {fileID: 4777311333764612131}
  serializedVersion: 2
  m_LocalReferencePoint: {x: -0.00000011920929, y: 0.5331813, z: 0}
  m_Size: 1.3381436
  m_FadeMode: 0
  m_AnimateCrossFading: 0
  m_LastLODIsBillboard: 0
  m_LODs:
  - screenRelativeHeight: 0.24454242
    fadeTransitionWidth: 0
    renderers:
    - renderer: {fileID: 4539754207975872460}
    - renderer: {fileID: 4990747581581995543}
  - screenRelativeHeight: 0.12097818
    fadeTransitionWidth: 0
    renderers:
    - renderer: {fileID: 4539754207975872460}
  - screenRelativeHeight: 0.060385607
    fadeTransitionWidth: 0
    renderers:
    - renderer: {fileID: 8149464103922876719}
  m_Enabled: 1
--- !u!1 &4947666028063879501
GameObject:
  m_ObjectHideFlags: 0
  m_CorrespondingSourceObject: {fileID: 0}
  m_PrefabInstance: {fileID: 0}
  m_PrefabAsset: {fileID: 0}
  serializedVersion: 6
  m_Component:
  - component: {fileID: 1606225205883401909}
  m_Layer: 10
  m_Name: ORG-thumb.03.R
  m_TagString: Untagged
  m_Icon: {fileID: 0}
  m_NavMeshLayer: 0
  m_StaticEditorFlags: 0
  m_IsActive: 1
--- !u!4 &1606225205883401909
Transform:
  m_ObjectHideFlags: 0
  m_CorrespondingSourceObject: {fileID: 0}
  m_PrefabInstance: {fileID: 0}
  m_PrefabAsset: {fileID: 0}
  m_GameObject: {fileID: 4947666028063879501}
  m_LocalRotation: {x: 0.24967894, y: -0.17074196, z: -0.0462237, w: 0.9520352}
  m_LocalPosition: {x: -0.000000014901161, y: 0.042249523, z: 0}
  m_LocalScale: {x: 0.99999994, y: 0.99999976, z: 1}
  m_Children: []
  m_Father: {fileID: 6194192727807069997}
  m_RootOrder: 0
  m_LocalEulerAnglesHint: {x: 0, y: 0, z: 0}
--- !u!1 &5001425831816771920
GameObject:
  m_ObjectHideFlags: 0
  m_CorrespondingSourceObject: {fileID: 0}
  m_PrefabInstance: {fileID: 0}
  m_PrefabAsset: {fileID: 0}
  serializedVersion: 6
  m_Component:
  - component: {fileID: 3127815276317866484}
  m_Layer: 10
  m_Name: ORG-foot.L
  m_TagString: Untagged
  m_Icon: {fileID: 0}
  m_NavMeshLayer: 0
  m_StaticEditorFlags: 0
  m_IsActive: 1
--- !u!4 &3127815276317866484
Transform:
  m_ObjectHideFlags: 0
  m_CorrespondingSourceObject: {fileID: 0}
  m_PrefabInstance: {fileID: 0}
  m_PrefabAsset: {fileID: 0}
  m_GameObject: {fileID: 5001425831816771920}
  m_LocalRotation: {x: -0.64232343, y: 0.034362976, z: 0.02487904, w: 0.76525867}
  m_LocalPosition: {x: 0.000000016065314, y: 0.10827306, z: 0.00000000448199}
  m_LocalScale: {x: 1.0000054, y: 1.0000023, z: 1.0000036}
  m_Children:
  - {fileID: 4230992720379298981}
  m_Father: {fileID: 4374020401635809717}
  m_RootOrder: 0
  m_LocalEulerAnglesHint: {x: 0, y: 0, z: 0}
--- !u!1 &5696687797043655143
GameObject:
  m_ObjectHideFlags: 0
  m_CorrespondingSourceObject: {fileID: 0}
  m_PrefabInstance: {fileID: 0}
  m_PrefabAsset: {fileID: 0}
  serializedVersion: 6
  m_Component:
  - component: {fileID: 1474951543625625565}
  m_Layer: 10
  m_Name: ORG-f_index.03.R
  m_TagString: Untagged
  m_Icon: {fileID: 0}
  m_NavMeshLayer: 0
  m_StaticEditorFlags: 0
  m_IsActive: 1
--- !u!4 &1474951543625625565
Transform:
  m_ObjectHideFlags: 0
  m_CorrespondingSourceObject: {fileID: 0}
  m_PrefabInstance: {fileID: 0}
  m_PrefabAsset: {fileID: 0}
  m_GameObject: {fileID: 5696687797043655143}
  m_LocalRotation: {x: 0.48979732, y: -0.15365389, z: 0.04923711, w: 0.8567758}
  m_LocalPosition: {x: -0.000000008381903, y: 0.047392137, z: -0.000000041211024}
  m_LocalScale: {x: 1, y: 1, z: 1}
  m_Children: []
  m_Father: {fileID: 2942356462424189605}
  m_RootOrder: 0
  m_LocalEulerAnglesHint: {x: 0, y: 0, z: 0}
--- !u!1 &5731527074652740206
GameObject:
  m_ObjectHideFlags: 0
  m_CorrespondingSourceObject: {fileID: 0}
  m_PrefabInstance: {fileID: 0}
  m_PrefabAsset: {fileID: 0}
  serializedVersion: 6
  m_Component:
  - component: {fileID: 1158303711815326153}
  m_Layer: 10
  m_Name: ORG-shin.R
  m_TagString: Untagged
  m_Icon: {fileID: 0}
  m_NavMeshLayer: 0
  m_StaticEditorFlags: 0
  m_IsActive: 1
--- !u!4 &1158303711815326153
Transform:
  m_ObjectHideFlags: 0
  m_CorrespondingSourceObject: {fileID: 0}
  m_PrefabInstance: {fileID: 0}
  m_PrefabAsset: {fileID: 0}
  m_GameObject: {fileID: 5731527074652740206}
  m_LocalRotation: {x: 0.52764267, y: 0.028485749, z: 0.047120266, w: 0.84768003}
  m_LocalPosition: {x: 0.0000000069849193, y: 0.09397966, z: 0.0000000037252903}
  m_LocalScale: {x: 1.0000006, y: 1.0000005, z: 1.000001}
  m_Children:
  - {fileID: 2738642663307725246}
  m_Father: {fileID: 7694153134473492650}
  m_RootOrder: 0
  m_LocalEulerAnglesHint: {x: 0, y: 0, z: 0}
--- !u!1 &6265191823079293504
GameObject:
  m_ObjectHideFlags: 0
  m_CorrespondingSourceObject: {fileID: 0}
  m_PrefabInstance: {fileID: 0}
  m_PrefabAsset: {fileID: 0}
  serializedVersion: 6
  m_Component:
  - component: {fileID: 553841446847084871}
  m_Layer: 10
  m_Name: ORG-head
  m_TagString: Untagged
  m_Icon: {fileID: 0}
  m_NavMeshLayer: 0
  m_StaticEditorFlags: 0
  m_IsActive: 1
--- !u!4 &553841446847084871
Transform:
  m_ObjectHideFlags: 0
  m_CorrespondingSourceObject: {fileID: 0}
  m_PrefabInstance: {fileID: 0}
  m_PrefabAsset: {fileID: 0}
  m_GameObject: {fileID: 6265191823079293504}
  m_LocalRotation: {x: -0.0737236, y: -5.0829116e-14, z: 2.2962728e-14, w: 0.99727875}
  m_LocalPosition: {x: -1.3565762e-22, y: 0.02103337, z: -0.0000000062864274}
  m_LocalScale: {x: 1, y: 1, z: 1}
  m_Children:
  - {fileID: 5662362073116047822}
  m_Father: {fileID: 7602992925795461084}
  m_RootOrder: 0
  m_LocalEulerAnglesHint: {x: 0, y: 0, z: 0}
--- !u!1 &6820961390334083859
GameObject:
  m_ObjectHideFlags: 0
  m_CorrespondingSourceObject: {fileID: 0}
  m_PrefabInstance: {fileID: 0}
  m_PrefabAsset: {fileID: 0}
  serializedVersion: 6
  m_Component:
  - component: {fileID: 5651534380493631560}
  m_Layer: 10
  m_Name: ORG-shoulder.R
  m_TagString: Untagged
  m_Icon: {fileID: 0}
  m_NavMeshLayer: 0
  m_StaticEditorFlags: 0
  m_IsActive: 1
--- !u!4 &5651534380493631560
Transform:
  m_ObjectHideFlags: 0
  m_CorrespondingSourceObject: {fileID: 0}
  m_PrefabInstance: {fileID: 0}
  m_PrefabAsset: {fileID: 0}
  m_GameObject: {fileID: 6820961390334083859}
  m_LocalRotation: {x: 0.38986716, y: 0.5104546, z: 0.6009537, w: -0.475704}
  m_LocalPosition: {x: 0.078760214, y: 0.11944241, z: -0.007954826}
  m_LocalScale: {x: 1, y: 1, z: 1}
  m_Children:
  - {fileID: 4790831781148235180}
  m_Father: {fileID: 4505554387000451741}
  m_RootOrder: 2
  m_LocalEulerAnglesHint: {x: 0, y: 0, z: 0}
--- !u!1 &6864567975805994019
GameObject:
  m_ObjectHideFlags: 0
  m_CorrespondingSourceObject: {fileID: 0}
  m_PrefabInstance: {fileID: 0}
  m_PrefabAsset: {fileID: 0}
  serializedVersion: 6
  m_Component:
  - component: {fileID: 7709205147224327902}
  m_Layer: 10
  m_Name: ORG-thumb.01.R
  m_TagString: Untagged
  m_Icon: {fileID: 0}
  m_NavMeshLayer: 0
  m_StaticEditorFlags: 0
  m_IsActive: 1
--- !u!4 &7709205147224327902
Transform:
  m_ObjectHideFlags: 0
  m_CorrespondingSourceObject: {fileID: 0}
  m_PrefabInstance: {fileID: 0}
  m_PrefabAsset: {fileID: 0}
  m_GameObject: {fileID: 6864567975805994019}
  m_LocalRotation: {x: 0.30974987, y: -0.18667705, z: 0.41510704, w: 0.8348011}
  m_LocalPosition: {x: -0.06476546, y: 0.017134296, z: -0.005768888}
  m_LocalScale: {x: 0.99999994, y: 1, z: 0.99999994}
  m_Children:
  - {fileID: 6194192727807069997}
  m_Father: {fileID: 6931562689881891257}
  m_RootOrder: 1
  m_LocalEulerAnglesHint: {x: 0, y: 0, z: 0}
--- !u!1 &6909513115994288194
GameObject:
  m_ObjectHideFlags: 0
  m_CorrespondingSourceObject: {fileID: 0}
  m_PrefabInstance: {fileID: 0}
  m_PrefabAsset: {fileID: 0}
  serializedVersion: 6
  m_Component:
  - component: {fileID: 2738642663307725246}
  m_Layer: 10
  m_Name: ORG-foot.R
  m_TagString: Untagged
  m_Icon: {fileID: 0}
  m_NavMeshLayer: 0
  m_StaticEditorFlags: 0
  m_IsActive: 1
--- !u!4 &2738642663307725246
Transform:
  m_ObjectHideFlags: 0
  m_CorrespondingSourceObject: {fileID: 0}
  m_PrefabInstance: {fileID: 0}
  m_PrefabAsset: {fileID: 0}
  m_GameObject: {fileID: 6909513115994288194}
  m_LocalRotation: {x: -0.6423238, y: -0.03436298, z: -0.024878731, w: 0.7652584}
  m_LocalPosition: {x: 0.0000000041909516, y: 0.10827302, z: 0.0000000026193447}
  m_LocalScale: {x: 1.0000046, y: 1.0000007, z: 1.000004}
  m_Children:
  - {fileID: 8997295751584464700}
  m_Father: {fileID: 1158303711815326153}
  m_RootOrder: 0
  m_LocalEulerAnglesHint: {x: 0, y: 0, z: 0}
--- !u!1 &7457645036510176884
GameObject:
  m_ObjectHideFlags: 0
  m_CorrespondingSourceObject: {fileID: 0}
  m_PrefabInstance: {fileID: 0}
  m_PrefabAsset: {fileID: 0}
  serializedVersion: 6
  m_Component:
  - component: {fileID: 6566294610156635953}
  m_Layer: 10
  m_Name: ORG-forearm.R
  m_TagString: Untagged
  m_Icon: {fileID: 0}
  m_NavMeshLayer: 0
  m_StaticEditorFlags: 0
  m_IsActive: 1
--- !u!4 &6566294610156635953
Transform:
  m_ObjectHideFlags: 0
  m_CorrespondingSourceObject: {fileID: 0}
  m_PrefabInstance: {fileID: 0}
  m_PrefabAsset: {fileID: 0}
  m_GameObject: {fileID: 7457645036510176884}
  m_LocalRotation: {x: 0.31680423, y: 0.12208686, z: 0.06759138, w: 0.9381691}
  m_LocalPosition: {x: 0.0000000060535967, y: 0.12969375, z: -0.0000000037252903}
  m_LocalScale: {x: 0.9999999, y: 1.0000002, z: 0.9999998}
  m_Children:
  - {fileID: 6931562689881891257}
  m_Father: {fileID: 4790831781148235180}
  m_RootOrder: 0
  m_LocalEulerAnglesHint: {x: 0, y: 0, z: 0}
--- !u!1 &7588032702260159427
GameObject:
  m_ObjectHideFlags: 0
  m_CorrespondingSourceObject: {fileID: 0}
  m_PrefabInstance: {fileID: 0}
  m_PrefabAsset: {fileID: 0}
  serializedVersion: 6
  m_Component:
  - component: {fileID: 7810380777614059000}
  m_Layer: 10
  m_Name: Dirkie_rig
  m_TagString: Untagged
  m_Icon: {fileID: 0}
  m_NavMeshLayer: 0
  m_StaticEditorFlags: 0
  m_IsActive: 1
--- !u!4 &7810380777614059000
Transform:
  m_ObjectHideFlags: 0
  m_CorrespondingSourceObject: {fileID: 0}
  m_PrefabInstance: {fileID: 0}
  m_PrefabAsset: {fileID: 0}
  m_GameObject: {fileID: 7588032702260159427}
  m_LocalRotation: {x: -0.7071068, y: 0, z: 0, w: 0.7071068}
  m_LocalPosition: {x: -0, y: 0, z: 0}
  m_LocalScale: {x: 1, y: 1, z: 1}
  m_Children:
  - {fileID: 7683273066399228382}
  m_Father: {fileID: 519848642626665443}
  m_RootOrder: 1
  m_LocalEulerAnglesHint: {x: -90, y: 0, z: 0}
--- !u!1 &7642301364438488987
GameObject:
  m_ObjectHideFlags: 0
  m_CorrespondingSourceObject: {fileID: 0}
  m_PrefabInstance: {fileID: 0}
  m_PrefabAsset: {fileID: 0}
  serializedVersion: 6
  m_Component:
  - component: {fileID: 7694153134473492650}
  m_Layer: 10
  m_Name: ORG-thigh.R
  m_TagString: Untagged
  m_Icon: {fileID: 0}
  m_NavMeshLayer: 0
  m_StaticEditorFlags: 0
  m_IsActive: 1
--- !u!4 &7694153134473492650
Transform:
  m_ObjectHideFlags: 0
  m_CorrespondingSourceObject: {fileID: 0}
  m_PrefabInstance: {fileID: 0}
  m_PrefabAsset: {fileID: 0}
  m_GameObject: {fileID: 7642301364438488987}
  m_LocalRotation: {x: 0.95852125, y: 0.0612887, z: -0.0006601001, w: 0.27835298}
  m_LocalPosition: {x: 0.11442848, y: -0.03654032, z: 0.028995192}
  m_LocalScale: {x: 0.99999976, y: 1, z: 0.99999875}
  m_Children:
  - {fileID: 1158303711815326153}
  m_Father: {fileID: 7397982951151413988}
  m_RootOrder: 2
  m_LocalEulerAnglesHint: {x: 0, y: 0, z: 0}
--- !u!1 &8824545313870496523
GameObject:
  m_ObjectHideFlags: 0
  m_CorrespondingSourceObject: {fileID: 0}
  m_PrefabInstance: {fileID: 0}
  m_PrefabAsset: {fileID: 0}
  serializedVersion: 6
  m_Component:
  - component: {fileID: 4374020401635809717}
  m_Layer: 10
  m_Name: ORG-shin.L
  m_TagString: Untagged
  m_Icon: {fileID: 0}
  m_NavMeshLayer: 0
  m_StaticEditorFlags: 0
  m_IsActive: 1
--- !u!4 &4374020401635809717
Transform:
  m_ObjectHideFlags: 0
  m_CorrespondingSourceObject: {fileID: 0}
  m_PrefabInstance: {fileID: 0}
  m_PrefabAsset: {fileID: 0}
  m_GameObject: {fileID: 8824545313870496523}
  m_LocalRotation: {x: 0.52764267, y: -0.028485749, z: -0.047120266, w: 0.84768003}
  m_LocalPosition: {x: 0.000000007916242, y: 0.09397962, z: 0.000000006519258}
  m_LocalScale: {x: 0.9999996, y: 0.9999998, z: 0.99999905}
  m_Children:
  - {fileID: 3127815276317866484}
  m_Father: {fileID: 4796683545877731528}
  m_RootOrder: 0
  m_LocalEulerAnglesHint: {x: 0, y: 0, z: 0}
--- !u!1001 &7410994025504464299
PrefabInstance:
  m_ObjectHideFlags: 0
  serializedVersion: 2
  m_Modification:
    m_TransformParent: {fileID: 519848642626665443}
    m_Modifications:
    - target: {fileID: -8679921383154817045, guid: 43c69aad80be24434bece2b0f4b675a8,
        type: 3}
      propertyPath: m_RootOrder
      value: 2
      objectReference: {fileID: 0}
    - target: {fileID: -8679921383154817045, guid: 43c69aad80be24434bece2b0f4b675a8,
        type: 3}
      propertyPath: m_LocalScale.x
      value: 0.9
      objectReference: {fileID: 0}
    - target: {fileID: -8679921383154817045, guid: 43c69aad80be24434bece2b0f4b675a8,
        type: 3}
      propertyPath: m_LocalScale.y
      value: 0.9
      objectReference: {fileID: 0}
    - target: {fileID: -8679921383154817045, guid: 43c69aad80be24434bece2b0f4b675a8,
        type: 3}
      propertyPath: m_LocalScale.z
      value: 0.9
      objectReference: {fileID: 0}
    - target: {fileID: -8679921383154817045, guid: 43c69aad80be24434bece2b0f4b675a8,
        type: 3}
      propertyPath: m_LocalPosition.x
      value: -0
      objectReference: {fileID: 0}
    - target: {fileID: -8679921383154817045, guid: 43c69aad80be24434bece2b0f4b675a8,
        type: 3}
      propertyPath: m_LocalPosition.y
      value: 0.75
      objectReference: {fileID: 0}
    - target: {fileID: -8679921383154817045, guid: 43c69aad80be24434bece2b0f4b675a8,
        type: 3}
      propertyPath: m_LocalPosition.z
      value: 0
      objectReference: {fileID: 0}
    - target: {fileID: -8679921383154817045, guid: 43c69aad80be24434bece2b0f4b675a8,
        type: 3}
      propertyPath: m_LocalRotation.w
      value: 1
      objectReference: {fileID: 0}
    - target: {fileID: -8679921383154817045, guid: 43c69aad80be24434bece2b0f4b675a8,
        type: 3}
      propertyPath: m_LocalRotation.x
      value: 0
      objectReference: {fileID: 0}
    - target: {fileID: -8679921383154817045, guid: 43c69aad80be24434bece2b0f4b675a8,
        type: 3}
      propertyPath: m_LocalRotation.y
      value: 0
      objectReference: {fileID: 0}
    - target: {fileID: -8679921383154817045, guid: 43c69aad80be24434bece2b0f4b675a8,
        type: 3}
      propertyPath: m_LocalRotation.z
      value: 0
      objectReference: {fileID: 0}
    - target: {fileID: -8679921383154817045, guid: 43c69aad80be24434bece2b0f4b675a8,
        type: 3}
      propertyPath: m_LocalEulerAnglesHint.x
      value: 0
      objectReference: {fileID: 0}
    - target: {fileID: -8679921383154817045, guid: 43c69aad80be24434bece2b0f4b675a8,
        type: 3}
      propertyPath: m_LocalEulerAnglesHint.y
      value: 0
      objectReference: {fileID: 0}
    - target: {fileID: -8679921383154817045, guid: 43c69aad80be24434bece2b0f4b675a8,
        type: 3}
      propertyPath: m_LocalEulerAnglesHint.z
      value: 0
      objectReference: {fileID: 0}
    - target: {fileID: -7511558181221131132, guid: 43c69aad80be24434bece2b0f4b675a8,
        type: 3}
      propertyPath: m_Materials.Array.data[0]
      value: 
      objectReference: {fileID: 2100000, guid: be2b2ba3d1d8d447cb2ec1d642d4568a, type: 2}
    - target: {fileID: 919132149155446097, guid: 43c69aad80be24434bece2b0f4b675a8,
        type: 3}
      propertyPath: m_Name
      value: Dirkie_LOD
      objectReference: {fileID: 0}
    m_RemovedComponents: []
  m_SourcePrefab: {fileID: 100100000, guid: 43c69aad80be24434bece2b0f4b675a8, type: 3}
--- !u!4 &7013119127262935616 stripped
Transform:
  m_CorrespondingSourceObject: {fileID: -8679921383154817045, guid: 43c69aad80be24434bece2b0f4b675a8,
    type: 3}
  m_PrefabInstance: {fileID: 7410994025504464299}
  m_PrefabAsset: {fileID: 0}
--- !u!23 &8149464103922876719 stripped
MeshRenderer:
  m_CorrespondingSourceObject: {fileID: -7511558181221131132, guid: 43c69aad80be24434bece2b0f4b675a8,
    type: 3}
  m_PrefabInstance: {fileID: 7410994025504464299}
  m_PrefabAsset: {fileID: 0}
